<?xml version="1.0" encoding="utf-8"?>
<record xmlns="http://www.loc.gov/MARC21/slim" xmlns:xsi="http://www.w3.org/2001/XMLSchema-instance" xsi:schemaLocation="http://www.loc.gov/MARC21/slim http://www.loc.gov/standards/marcxml/schema/MARC21slim.xsd">
	<leader>     nam a22     Mi 4500</leader>
	<controlfield tag="001">2785177</controlfield>
	<controlfield tag="003">NjP</controlfield>
	<controlfield tag="006">m        d        </controlfield>
	<controlfield tag="007">cr cn |||m|||a</controlfield>
	<controlfield tag="008">200430s1900    ua      o     000 0 ara d</controlfield>
	<datafield ind1=" " ind2=" " tag="040">
		<subfield code="a">ZYU</subfield>
		<subfield code="b">ara</subfield>
		<subfield code="e">rda</subfield>
		<subfield code="c">ZYU</subfield>
	</datafield>
	<datafield ind1="1" ind2=" " tag="100">
		<subfield code="6">880-01</subfield>
		<subfield code="a">Anṣārī, Zakarīyā ibn Muḥammad,</subfield>
		<subfield code="d">approximately 1423-approximately 1520.</subfield>
	</datafield>
	<datafield ind1="1" ind2="0" tag="245">
		<subfield code="6">880-02</subfield>
		<subfield code="a">Sharḥ al-imām Zakarīyā al-Anṣārī ʻalā matn al-Bahjah lil-ʻallāmah Ibn al-Wardī fī fiqh al-imām al-Shāfiʻī :</subfield>
		<subfield code="b">al-musammā  bi-al-Ghurar al-bahīyah fī sharḥ al-Bahjah al-Wardīyah maʻa ḥāshiyat ʻAbd al-Raḥmān al-Shirbīnī  Wa-bi-hāmishih Ḥāshiyat Ibn Qāsim al-ʻAbbādī maʻa taqrīr ʻAbd al-Raḥmān al-Shirbīnī ʻalayhā.</subfield>
	</datafield>
	<datafield ind1=" " ind2=" " tag="260">
		<subfield code="6">880-03</subfield>
		<subfield code="a">Miṣr :</subfield>
		<subfield code="b">al-Maṭbaʻah al-Maymaniyah,</subfield>
		<subfield code="c">[1318 [1900]]</subfield>
	</datafield>
	<datafield ind1=" " ind2=" " tag="300">
		<subfield code="a">online resource (5 volumes)</subfield>
	</datafield>
	<datafield ind1=" " ind2=" " tag="336">
		<subfield code="a">text</subfield>
		<subfield code="2">rdacontent</subfield>
	</datafield>
	<datafield ind1=" " ind2=" " tag="337">
		<subfield code="a">computer</subfield>
		<subfield code="2">rdamedia</subfield>
	</datafield>
	<datafield ind1=" " ind2=" " tag="338">
		<subfield code="a">online resource</subfield>
		<subfield code="2">rdacarrier</subfield>
	</datafield>
	<datafield ind1=" " ind2=" " tag="500">
		<subfield code="a">Part of the Arabic Collections Online (ACO) project, contributed by Princeton University Libraries.</subfield>
	</datafield>
	<datafield ind1=" " ind2=" " tag="533">
		<subfield code="a">Electronic reproduction.</subfield>
		<subfield code="b">New York, N.Y. :</subfield>
		<subfield code="c">New York University,</subfield>
		<subfield code="d">2020.</subfield>
		<subfield code="5">NNU</subfield>
	</datafield>
	<datafield ind1=" " ind2=" " tag="546">
		<subfield code="a">In Arabic.</subfield>
	</datafield>
	<datafield ind1=" " ind2="0" tag="650">
		<subfield code="a">Islamic law</subfield>
		<subfield code="v">Early works to 1800.</subfield>
	</datafield>
	<datafield ind1=" " ind2="0" tag="650">
		<subfield code="a">Shafiites</subfield>
		<subfield code="v">Early works to 1800.</subfield>
	</datafield>
	<datafield ind1="2" ind2=" " tag="710">
		<subfield code="a">Princeton University.</subfield>
		<subfield code="b">Library.</subfield>
	</datafield>
	<datafield ind1="0" ind2=" " tag="730">
		<subfield code="a">Arabic Collections Online.</subfield>
	</datafield>
	<datafield ind1="0" ind2="8" tag="776">
		<subfield code="i">Online version:</subfield>
		<subfield code="a">Zakarīyā ibn Muḥammad, al-Anṣārī, 1422-1511?</subfield>
		<subfield code="t">Sharh ... ʻalā matn al-Bahjah lil-ʻallāmah Ibn al-Wardī fī fiqh al-imām al-Shāfiʻī .</subfield>
		<subfield code="d">Cairo [1318 [1900]]</subfield>
		<subfield code="w">(OCoLC)659338190</subfield>
	</datafield>
	<datafield ind1="0" ind2="8" tag="776">
		<subfield code="i">Print version:</subfield>
		<subfield code="a">Anṣārī, Zakarīyā ibn Muḥammad, approximately 1423-approximately 1520.</subfield>
		<subfield code="t">Sharḥ al-imām Zakarīyā al-Anṣārī ʻalā matn al-Bahjah lil-ʻallāmah Ibn al-Wardī fī fiqh al-imām al-Shāfiʻī</subfield>
		<subfield code="w">(NjP)2785177</subfield>
		<subfield code="w">(OCoLC)42804545</subfield>
	</datafield>
	<datafield ind1="4" ind2="0" tag="856">
		<subfield code="u">http://hdl.handle.net/2333.1/wh70s7nn</subfield>
	</datafield>
	<datafield ind1="1" ind2=" " tag="880">
		<subfield code="6">100-01</subfield>
		<subfield code="a">انصاري، زكريا بن محمد،</subfield>
		<subfield code="d">approximately 1423-approximately 1520.</subfield>
	</datafield>
	<datafield ind1="1" ind2="0" tag="880">
		<subfield code="6">245-02</subfield>
		<subfield code="a">شرح الامام زكريا الانصاري على متن البهجة للعلامة ابن الوردي في فقه الامام الشافعي :</subfield>
		<subfield code="b">المسمى بالغرر البهية في شرح البهجة الوردية مع حاشية عبد الرحمن الشربيني وبهامشه حاشية ابن قاسم العبادي مع تقرير عبد الرحمن الشربيني عليها.</subfield>
	</datafield>
	<datafield ind1=" " ind2=" " tag="880">
		<subfield code="6">260-03</subfield>
		<subfield code="a">مصر :</subfield>
		<subfield code="b">المطبعة الميمنية،</subfield>
		<subfield code="c">[1318 [1900]]</subfield>
	</datafield>
	<datafield ind1=" " ind2=" " tag="959">
		<subfield code="a">NNU</subfield>
		<subfield code="b">WEB</subfield>
		<subfield code="c">GENI</subfield>
		<subfield code="t">0</subfield>
		<subfield code="m">Electronic access</subfield>
		<subfield code="s">01</subfield>
	</datafield>
	<datafield ind1=" " ind2=" " tag="999">
		<subfield code="i">NjP_2785177</subfield>
		<subfield code="o">(OCoLC)ocm42804545</subfield>
		<subfield code="s">princeton_aco004367:v. 2</subfield>
		<subfield code="s">princeton_aco004368:v. 3</subfield>
		<subfield code="s">princeton_aco004369:v. 4</subfield>
		<subfield code="s">princeton_aco004370:v. 5</subfield>
		<subfield code="e">(ERROR-880)(ERROR-MISC)</subfield>
		<subfield code="s">princeton_aco004367:v. 2</subfield>
		<subfield code="s">princeton_aco004368:v. 3</subfield>
		<subfield code="s">princeton_aco004369:v. 4</subfield>
		<subfield code="s">princeton_aco004370:v. 5</subfield>
	</datafield>
</record>
